<record><leader>00000cas a2200000 a 4500</leader><controlfield tag="001">23904542</controlfield><controlfield tag="008">910610d19411942iludn ne      0    0eng c</controlfield><datafield ind1=" " ind2=" " tag="010"><subfield code="a">sn 91054617 </subfield></datafield><datafield ind1=" " ind2=" " tag="040"><subfield code="a">NVF</subfield><subfield code="b">eng</subfield><subfield code="c">NVF</subfield><subfield code="d">OCLCQ</subfield><subfield code="d">NVF</subfield><subfield code="d">OCLCQ</subfield><subfield code="d">OCLCF</subfield><subfield code="d">OCLCO</subfield></datafield><datafield ind1="1" ind2=" " tag="029"><subfield code="a">AU@</subfield><subfield code="b">000025873094</subfield></datafield><datafield ind1=" " ind2=" " tag="042"><subfield code="a">pcc</subfield></datafield><datafield ind1=" " ind2=" " tag="043"><subfield code="a">n-us-il</subfield></datafield><datafield ind1="0" ind2="4" tag="245"><subfield code="a">The Taylorville record.</subfield></datafield><datafield ind1=" " ind2=" " tag="260"><subfield code="a">Taylorville, Ill. :</subfield><subfield code="b">C.F. Jewell,</subfield><subfield code="c">1941-1942.</subfield></datafield><datafield ind1=" " ind2=" " tag="300"><subfield code="a">v.</subfield></datafield><datafield ind1=" " ind2=" " tag="310"><subfield code="a">Daily (except Sun.)</subfield></datafield><datafield ind1="1" ind2=" " tag="362"><subfield code="a">Began Dec. 22, 1941?</subfield></datafield><datafield ind1="0" ind2=" " tag="362"><subfield code="a">-v. 1, no. 94 (Apr. 11, 1942).</subfield></datafield><datafield ind1=" " ind2=" " tag="588"><subfield code="a">Description based on: Vol. 1, no. 94 (Apr. 11, 1942).</subfield></datafield><datafield ind1=" " ind2="0" tag="651"><subfield code="a">Taylorville (Ill.)</subfield><subfield code="v">Newspapers.</subfield></datafield><datafield ind1=" " ind2="7" tag="655"><subfield code="a">Newspapers.</subfield><subfield code="2">fast</subfield><subfield code="0">(OCoLC)fst01423814</subfield></datafield><datafield ind1=" " ind2="7" tag="651"><subfield code="a">Illinois</subfield><subfield code="z">Taylorville.</subfield><subfield code="2">fast</subfield><subfield code="0">(OCoLC)fst01238216</subfield></datafield><datafield ind1=" " ind2=" " tag="752"><subfield code="a">United States</subfield><subfield code="b">Illinois</subfield><subfield code="c">Christian</subfield><subfield code="d">Taylorville.</subfield></datafield><datafield ind1="0" ind2="0" tag="780"><subfield code="t">Christian County record</subfield><subfield code="w">(DLC)sn 91054616</subfield><subfield code="w">(OCoLC)23904498</subfield></datafield></record>